@article{lol:cohen2003spectral,
  title={Spectral irradiance calibration in the infrared. XIV. The absolute calibration of 2MASS},
  author={Cohen, Martin and Wheaton, Wm A and Megeath, ST},
  journal={The Astronomical Journal},
  volume={126},
  number={2},
  pages={1090},
  year={2003},
  publisher={IOP Publishing}
}

@article{lopez2019quiescent,
  title={Quiescent NIR and optical counterparts to candidate black hole X-ray binaries},
  author={L{\'o}pez, KM and Jonker, PG and Torres, MAP and Heida, M and Rau, A and Steeghs, D},
  journal={Monthly Notices of the Royal Astronomical Society},
  volume={482},
  number={2},
  pages={2149--2165},
  year={2019},
  publisher={Oxford University Press}
}

@misc{lissauer_2020,
title={Habitable zone | astrobiology},
url={https://www.britannica.com/science/habitable-zone},
journal={Encyclopedia Britannica},
author={Lissauer, Jack},
year={2020}}

@article{bohn2020two,
  title={Two Directly Imaged, Wide-orbit Giant Planets around the Young, Solar Analog TYC 8998-760-1},
  author={Bohn, Alexander J and Kenworthy, Matthew A and Ginski, Christian and Rieder, Steven and Mamajek, Eric E and Meshkat, Tiffany and Pecaut, Mark J and Reggiani, Maddalena and de Boer, Jozua and Keller, Christoph U and others},
  journal={The Astrophysical Journal Letters},
  volume={898},
  number={1},
  pages={L16},
  year={2020},
  publisher={IOP Publishing}
}

@article{gaia2018gaia,
  title={Gaia Data Release 2 Summary of the contents and survey properties},
  author={Gaia, Collaboration and Brown, AGA and Vallenari, A and Prusti, T and de Bruijne, JHJ and Babusiaux, C and Juh{\'a}sz, {\'A}L and Marschalk{\'o}, G and Marton, G and Moln{\'a}r, L and others},
  journal={Astronomy \& Astrophysics},
  volume={616},
  number={1},
  year={2018},
  publisher={EDP Sciences}
}

@misc{iceplotter_2020,
author={NASA, Exoplanet Archive},
url={https://exoplanetarchive.ipac.caltech.edu/cgi-bin/IcePlotter/nph-icePlotInit?mode=demo&set=confirmed},journal={Exoplanetarchive.ipac.caltech.edu}, year={2020}}
